<collection xmlns="http://www.loc.gov/MARC21/slim">
<record>
  <leader>02862nam0a2200493 i 450 </leader>
  <controlfield tag="001">IT\ICCU\CNCE\031738</controlfield>
  <controlfield tag="005">20071129000000.0</controlfield>
  <datafield tag="012" ind1=" " ind2=" ">
    <subfield code="a">o-on t)ui e-de scmu (3) 1548 (A)</subfield>
    <subfield code="2">fei</subfield>
  </datafield>
  <datafield tag="100" ind1=" " ind2=" ">
    <subfield code="a">19971205d1548        0itac0103    ba</subfield>
  </datafield>
  <datafield tag="101" ind1=" " ind2=" ">
    <subfield code="a">LAT</subfield>
  </datafield>
  <datafield tag="102" ind1=" " ind2=" ">
    <subfield code="a">IT</subfield>
  </datafield>
  <datafield tag="200" ind1="1" ind2=" ">
    <subfield code="a">Commentaria Ioannis Grammatici Alexandrei cognomento Philoponi in libros Posteriorum Aristotelis. Recens cum Graeco exemplari per doctissimum philosophum Theodosium collata. Ad primarios celeberrimae Academiae, et ciuitatis Maceratae</subfield>
  </datafield>
  <datafield tag="210" ind1=" " ind2=" ">
    <subfield code="a">Venetiis</subfield>
    <subfield code="c">apud Hieronymum Scotum</subfield>
    <subfield code="d">1548</subfield>
    <subfield code="e">Venetiis</subfield>
    <subfield code="g">apud Hieronymum Scotum</subfield>
    <subfield code="h">1548</subfield>
  </datafield>
  <datafield tag="215" ind1=" " ind2=" ">
    <subfield code="a">64 c.</subfield>
    <subfield code="c">ill.</subfield>
    <subfield code="d">fol</subfield>
  </datafield>
  <datafield tag="620" ind1=" " ind2=" ">
    <subfield code="a">IT</subfield>
    <subfield code="d">Venezia</subfield>
  </datafield>
  <datafield tag="700" ind1=" " ind2="0">
    <subfield code="a">Ioannes</subfield>
    <subfield code="c"> : Philoponus</subfield>
    <subfield code="3">IT\ICCU\CNCA\008301</subfield>
  </datafield>
  <datafield tag="702" ind1=" " ind2="1">
    <subfield code="a">Teodosi,</subfield>
    <subfield code="b">Filippo</subfield>
    <subfield code="3">IT\ICCU\CNCA\009336</subfield>
  </datafield>
  <datafield tag="702" ind1=" " ind2="0">
    <subfield code="a">Aristoteles</subfield>
    <subfield code="3">IT\ICCU\CNCA\000006</subfield>
  </datafield>
  <datafield tag="712" ind1="0" ind2="0">
    <subfield code="a">Scoto, Girolamo</subfield>
    <subfield code="3">IT\ICCU\CNCT\000134</subfield>
    <subfield code="4">650</subfield>
  </datafield>
  <datafield tag="790" ind1=" " ind2="1">
    <subfield code="a">Filopono,</subfield>
    <subfield code="b">Giovanni</subfield>
    <subfield code="3">IT\ICCU\CNCA\014104</subfield>
    <subfield code="z">Ioannes : Philoponus</subfield>
  </datafield>
  <datafield tag="790" ind1=" " ind2="0">
    <subfield code="a">Ioannes</subfield>
    <subfield code="c"> : Alexandrinus</subfield>
    <subfield code="3">IT\ICCU\CNCA\014532</subfield>
    <subfield code="z">Ioannes : Philoponus</subfield>
  </datafield>
  <datafield tag="790" ind1=" " ind2="0">
    <subfield code="a">Johannes</subfield>
    <subfield code="c"> : Grammaticus</subfield>
    <subfield code="3">IT\ICCU\CNCA\015601</subfield>
    <subfield code="z">Ioannes : Philoponus</subfield>
  </datafield>
  <datafield tag="790" ind1=" " ind2="1">
    <subfield code="a">Theodosius,</subfield>
    <subfield code="b">Philippus</subfield>
    <subfield code="3">IT\ICCU\CNCA\014998</subfield>
    <subfield code="z">Teodosi, Filippo</subfield>
  </datafield>
  <datafield tag="790" ind1=" " ind2="0">
    <subfield code="a">Aristotele</subfield>
    <subfield code="3">IT\ICCU\CNCA\018928</subfield>
    <subfield code="z">Aristoteles</subfield>
  </datafield>
  <datafield tag="791" ind1="0" ind2="0">
    <subfield code="a">Scotto, Girolamo</subfield>
    <subfield code="3">IT\ICCU\CNCT\002826</subfield>
    <subfield code="z">Scoto, Girolamo</subfield>
  </datafield>
  <datafield tag="791" ind1="0" ind2="0">
    <subfield code="a">Schottus, Hieronymus</subfield>
    <subfield code="3">IT\ICCU\CNCT\004087</subfield>
    <subfield code="z">Scoto, Girolamo</subfield>
  </datafield>
  <datafield tag="791" ind1="0" ind2="0">
    <subfield code="a">Scotus, Hieronymus</subfield>
    <subfield code="3">IT\ICCU\CNCT\005629</subfield>
    <subfield code="z">Scoto, Girolamo</subfield>
  </datafield>
  <datafield tag="791" ind1="0" ind2="0">
    <subfield code="a">Scottus, Hieronymus</subfield>
    <subfield code="3">IT\ICCU\CNCT\005630</subfield>
    <subfield code="z">Scoto, Girolamo</subfield>
  </datafield>
  <datafield tag="791" ind1="0" ind2="0">
    <subfield code="a">Schotus, Hieronymus</subfield>
    <subfield code="3">IT\ICCU\CNCT\005631</subfield>
    <subfield code="z">Scoto, Girolamo</subfield>
  </datafield>
  <datafield tag="791" ind1="0" ind2="0">
    <subfield code="a">Scotti, Girolamo</subfield>
    <subfield code="3">IT\ICCU\CNCT\005632</subfield>
    <subfield code="z">Scoto, Girolamo</subfield>
  </datafield>
  <datafield tag="801" ind1=" " ind2="3">
    <subfield code="a">IT</subfield>
    <subfield code="b">ICCU</subfield>
    <subfield code="c">20201114</subfield>
  </datafield>
  <datafield tag="899" ind1=" " ind2=" ">
    <subfield code="a">Biblioteca diocesana di Brescia. Brescia</subfield>
    <subfield code="1">BS0031</subfield>
    <subfield code="2">ZBS 02</subfield>
  </datafield>
  <datafield tag="899" ind1=" " ind2=" ">
    <subfield code="a">Biblioteca della Societ ̉di storia patria di Terra di lavoro Fortunato Messa. Caserta</subfield>
    <subfield code="1">CE0014</subfield>
    <subfield code="2">NAP 24</subfield>
  </datafield>
  <datafield tag="899" ind1=" " ind2=" ">
    <subfield code="a">Biblioteca comunale. Como</subfield>
    <subfield code="1">CO0059</subfield>
    <subfield code="2">ZCO 01</subfield>
  </datafield>
  <datafield tag="899" ind1=" " ind2=" ">
    <subfield code="a">Biblioteca nazionale centrale. Firenze</subfield>
    <subfield code="1">FI0098</subfield>
    <subfield code="2">CFI CF</subfield>
  </datafield>
  <datafield tag="899" ind1=" " ind2=" ">
    <subfield code="a">Biblioteca comunale. Sarnano</subfield>
    <subfield code="z">MUTILO</subfield>
    <subfield code="1">MC0079</subfield>
    <subfield code="2">UMC BS</subfield>
  </datafield>
  <datafield tag="899" ind1=" " ind2=" ">
    <subfield code="a">Biblioteca comunale Passerini Landi. Piacenza</subfield>
    <subfield code="1">PC0030</subfield>
    <subfield code="2">PIA PL</subfield>
  </datafield>
  <datafield tag="899" ind1=" " ind2=" ">
    <subfield code="a">Biblioteca comunale Augusta. Perugia</subfield>
    <subfield code="1">PG0109</subfield>
    <subfield code="2">UM1 01</subfield>
  </datafield>
  <datafield tag="899" ind1=" " ind2=" ">
    <subfield code="a">Biblioteca Oliveriana. Pesaro</subfield>
    <subfield code="1">PU0061</subfield>
    <subfield code="2">URB OL</subfield>
  </datafield>
  <datafield tag="899" ind1=" " ind2=" ">
    <subfield code="a">Biblioteca nazionale centrale. Roma</subfield>
    <subfield code="1">RM0267</subfield>
    <subfield code="2">BVE CR</subfield>
  </datafield>
  <datafield tag="899" ind1=" " ind2=" ">
    <subfield code="a">Biblioteca statale del Monumento nazionale. Cava dei Tirreni</subfield>
    <subfield code="1">SA0088</subfield>
    <subfield code="2">NAP 95</subfield>
  </datafield>
  <datafield tag="899" ind1=" " ind2=" ">
    <subfield code="a">Biblioteca nazionale Marciana. Venezia</subfield>
    <subfield code="1">VE0049</subfield>
    <subfield code="2">VEA BM</subfield>
  </datafield>
  <datafield tag="911" ind1=" " ind2=" ">
    <subfield code="a">Sul front.</subfield>
    <subfield code="9">IT\ICCU\CNCM\000122</subfield>
  </datafield>
  <datafield tag="921" ind1=" " ind2=" ">
    <subfield code="a">IT\ICCU\CNCM\000122</subfield>
    <subfield code="b">Ancora tra un ramo di olivo e un ramo di palma germoglianti da un tronco con favi e api, e congiunti dalle iniziali S.O.S.</subfield>
    <subfield code="e">In tenebris fulget.</subfield>
    <subfield code="c">V459</subfield>
    <subfield code="c">Z67</subfield>
    <subfield code="d">Dimensioni: 10 x 10,6</subfield>
    <subfield code="f">ANCORA</subfield>
    <subfield code="f">API</subfield>
    <subfield code="f">INTENEBRIS</subfield>
    <subfield code="f">SOS</subfield>
    <subfield code="f">TRONCO</subfield>
    <subfield code="g">1541-1577</subfield>
  </datafield>
</record>
</collection>
